@article{yang2018physics,
  title={Physics-informed kriging: A physics-informed Gaussian process regression method for data-model convergence},
  author={Yang, Xiu and Tartakovsky, Guzel and Tartakovsky, Alexandre},
  journal={arXiv preprint arXiv:1809.03461},
  year={2018}
}
@article{raissi2018deep,
  title={Deep hidden physics models: Deep learning of nonlinear partial differential equations},
  author={Raissi, Maziar},
  journal={The Journal of Machine Learning Research},
  volume={19},
  number={1},
  pages={932--955},
  year={2018},
  publisher={JMLR. org}
}